<record><leader>00000cas a2200000 a 4500</leader><controlfield tag="001">11032357</controlfield><controlfield tag="008">840808d1950195uoku x ne      0    0eng c</controlfield><datafield ind1=" " ind2=" " tag="010"><subfield code="a">sn 84027338 </subfield></datafield><datafield ind1=" " ind2=" " tag="040"><subfield code="a">NPU</subfield><subfield code="b">eng</subfield><subfield code="c">NPU</subfield><subfield code="d">OCL</subfield><subfield code="d">OBN</subfield><subfield code="d">CVF</subfield><subfield code="d">OCLCQ</subfield><subfield code="d">OCLCF</subfield><subfield code="d">OCLCO</subfield><subfield code="d">OCLCQ</subfield></datafield><datafield ind1="0" ind2=" " tag="041"><subfield code="a">eng</subfield><subfield code="a">chr</subfield></datafield><datafield ind1=" " ind2=" " tag="042"><subfield code="a">pcc</subfield></datafield><datafield ind1=" " ind2=" " tag="043"><subfield code="a">n-us-ok</subfield></datafield><datafield ind1="0" ind2=" " tag="130"><subfield code="a">New Cherokee advocate (Tahlequah, Okla. : 1950)</subfield></datafield><datafield ind1="1" ind2="4" tag="245"><subfield code="a">The new Cherokee advocate.</subfield></datafield><datafield ind1=" " ind2=" " tag="260"><subfield code="a">Tahlequah, Okla. :</subfield><subfield code="b">Watie Petit</subfield></datafield><datafield ind1=" " ind2=" " tag="300"><subfield code="a">volumes :</subfield><subfield code="b">illustrations ;</subfield><subfield code="c">54 cm</subfield></datafield><datafield ind1=" " ind2=" " tag="310"><subfield code="a">Irregular</subfield></datafield><datafield ind1=" " ind2=" " tag="336"><subfield code="a">text</subfield><subfield code="b">txt</subfield><subfield code="2">rdacontent</subfield></datafield><datafield ind1=" " ind2=" " tag="337"><subfield code="a">unmediated</subfield><subfield code="b">n</subfield><subfield code="2">rdamedia</subfield></datafield><datafield ind1=" " ind2=" " tag="338"><subfield code="a">volume</subfield><subfield code="b">nc</subfield><subfield code="2">rdacarrier</subfield></datafield><datafield ind1="0" ind2=" " tag="362"><subfield code="a">Vol. 1, no. 1 (May 3, 1950)-</subfield></datafield><datafield ind1=" " ind2=" " tag="546"><subfield code="a">Text in English and Cherokee (in Cherokee syllabary).</subfield></datafield><datafield ind1=" " ind2="0" tag="650"><subfield code="a">Cherokee Indians</subfield><subfield code="v">Newspapers.</subfield></datafield><datafield ind1=" " ind2="0" tag="650"><subfield code="a">Indians of North America</subfield><subfield code="z">Oklahoma</subfield><subfield code="v">Newspapers.</subfield></datafield><datafield ind1=" " ind2="0" tag="651"><subfield code="a">Tahlequah (Okla.)</subfield><subfield code="v">Newspapers.</subfield></datafield><datafield ind1=" " ind2="0" tag="651"><subfield code="a">Cherokee County (Okla.)</subfield><subfield code="v">Newspapers.</subfield></datafield><datafield ind1=" " ind2="7" tag="650"><subfield code="a">Cherokee Indians.</subfield><subfield code="2">fast</subfield><subfield code="0">(OCoLC)fst00853662</subfield></datafield><datafield ind1=" " ind2="7" tag="650"><subfield code="a">Indians of North America.</subfield><subfield code="2">fast</subfield><subfield code="0">(OCoLC)fst00969633</subfield></datafield><datafield ind1=" " ind2="7" tag="651"><subfield code="a">Oklahoma.</subfield><subfield code="2">fast</subfield><subfield code="0">(OCoLC)fst01205031</subfield></datafield><datafield ind1=" " ind2="7" tag="651"><subfield code="a">Oklahoma</subfield><subfield code="z">Cherokee County.</subfield><subfield code="2">fast</subfield><subfield code="0">(OCoLC)fst01221267</subfield></datafield><datafield ind1=" " ind2="7" tag="651"><subfield code="a">Oklahoma</subfield><subfield code="z">Tahlequah.</subfield><subfield code="2">fast</subfield><subfield code="0">(OCoLC)fst01207138</subfield></datafield><datafield ind1=" " ind2="7" tag="655"><subfield code="a">Newspapers.</subfield><subfield code="2">fast</subfield><subfield code="0">(OCoLC)fst01423814</subfield></datafield><datafield ind1=" " ind2=" " tag="752"><subfield code="a">United States</subfield><subfield code="b">Oklahoma</subfield><subfield code="c">Cherokee</subfield><subfield code="d">Tahlequah.</subfield></datafield></record>